<record><leader>00000cas a22000007a 4500</leader><controlfield tag="001">22333426</controlfield><controlfield tag="008">900905d1958196uohuwr ne      0    0eng d</controlfield><controlfield tag="009">8043</controlfield><datafield ind1=" " ind2=" " tag="010"><subfield code="a">sn 90068460 </subfield></datafield><datafield ind1=" " ind2=" " tag="040"><subfield code="a">ONP</subfield><subfield code="b">eng</subfield><subfield code="c">ONP</subfield><subfield code="d">OCLCQ</subfield></datafield><datafield ind1=" " ind2=" " tag="042"><subfield code="a">msc</subfield></datafield><datafield ind1="0" ind2=" " tag="130"><subfield code="a">Southeast press (Maple Heights, Ohio : 1958)</subfield></datafield><datafield ind1="0" ind2="4" tag="245"><subfield code="a">The Southeast press.</subfield></datafield><datafield ind1="1" ind2="0" tag="246"><subfield code="a">South east press</subfield></datafield><datafield ind1=" " ind2=" " tag="260"><subfield code="a">Maple Heights, Ohio :</subfield><subfield code="b">Southeast Enterprise,</subfield><subfield code="c">1958-</subfield></datafield><datafield ind1=" " ind2=" " tag="300"><subfield code="a">v.</subfield></datafield><datafield ind1=" " ind2=" " tag="310"><subfield code="a">Weekly</subfield></datafield><datafield ind1="0" ind2=" " tag="362"><subfield code="a">Vol. 1, no. 1 (Sept. 18, 1958)-</subfield></datafield><datafield ind1=" " ind2=" " tag="752"><subfield code="a">United States</subfield><subfield code="b">Ohio</subfield><subfield code="c">Cuyahoga</subfield><subfield code="d">Maple Heights.</subfield></datafield></record>